<mx:record xmlns="http://www.w3.org/TR/xhtml1/strict" xmlns:mx="http://www.loc.gov/MARC21/slim" xmlns:xsi="http://www.w3.org/2001/XMLSchema-instance"><mx:leader>00000cz   2200000n  4500</mx:leader><mx:controlfield tag="001">oca03503130 </mx:controlfield><mx:controlfield tag="003">OCoLC</mx:controlfield><mx:controlfield tag="005">20051003101546.0</mx:controlfield><mx:controlfield tag="008">931118n| acannaab           |a aaa      </mx:controlfield><mx:datafield ind1=" " ind2=" " tag="010"><mx:subfield code="a">n  93113203 </mx:subfield></mx:datafield><mx:datafield ind1=" " ind2=" " tag="040"><mx:subfield code="a">DLC</mx:subfield><mx:subfield code="c">DLC</mx:subfield><mx:subfield code="d">DLC</mx:subfield></mx:datafield><mx:datafield ind1="0" ind2="0" tag="100"><mx:subfield code="a">Pausanias</mx:subfield></mx:datafield><mx:datafield ind1="0" ind2="0" tag="400"><mx:subfield code="a">Pausania</mx:subfield></mx:datafield><mx:datafield ind1="0" ind2="0" tag="400"><mx:subfield code="a">Pavsanīĭ</mx:subfield></mx:datafield><mx:datafield ind1="0" ind2=" " tag="400"><mx:subfield code="a">Pavzaniĭ</mx:subfield></mx:datafield><mx:datafield ind1=" " ind2=" " tag="670"><mx:subfield code="a">His Pausaniae historici praeclarissimi Commentariorum Graeciam describentium Attica et Corinthiaca, 1541:</mx:subfield><mx:subfield code="b">t.p., etc. (Pausanias)</mx:subfield></mx:datafield><mx:datafield ind1=" " ind2=" " tag="670"><mx:subfield code="a">His Pausaniae Graeciae descriptio, 1973:</mx:subfield><mx:subfield code="b">t.p., etc. (Pausanias)</mx:subfield></mx:datafield><mx:datafield ind1=" " ind2=" " tag="670"><mx:subfield code="a">Oxford classical dict., 1949:</mx:subfield><mx:subfield code="b">(Pausanias [3], of Lydia?, fl. c. A.D. 150, Greek traveller and geographer)</mx:subfield></mx:datafield><mx:datafield ind1=" " ind2=" " tag="670"><mx:subfield code="a">Habicht, C. Pausanias' guide to ancient Greece, 1985:</mx:subfield><mx:subfield code="b">p. 10-11 (dates of Pausanias' writing from internal evidence: 155 or 160-175 A.D.)</mx:subfield></mx:datafield><mx:datafield ind1=" " ind2=" " tag="670"><mx:subfield code="a">BLC</mx:subfield><mx:subfield code="b">(Pausanias, the Traveller)</mx:subfield></mx:datafield><mx:datafield ind1=" " ind2=" " tag="670"><mx:subfield code="a">Bultrighini, U. Pausania e le tradizioni democratiche, c1990.</mx:subfield></mx:datafield><mx:datafield ind1=" " ind2=" " tag="670"><mx:subfield code="a">Pavzaniĭ--Opisanie na Elada, 2004.</mx:subfield></mx:datafield><mx:datafield ind1=" " ind2=" " tag="999"><mx:subfield code="a">65490.7428</mx:subfield></mx:datafield></mx:record>